@phdthesis{strasdat2012local,
  title={Local accuracy and global consistency for efficient SLAM},
  author={Strasdat, Hauke},
  year={2012},
  school={Imperial College London}
}